%% This BibTeX bibliography file was created using BibDesk.
%% http://bibdesk.sourceforge.net/

%% Created for Robin Gueguen at 2018-02-06 16:57:10 +0100 


%% Saved with string encoding Unicode (UTF-8) 



@article{fibonacci,
	Author = {Benjamin Keinert AND Matthias Innmann AND Michael Sanger AND Marc Stamminger},
	Date-Added = {2018-02-06 15:54:19 +0000},
	Date-Modified = {2018-02-06 15:57:08 +0000},
	Journal = {ACM Transactions on Graphics},
	Month = {November},
	Title = {Spherical Fibonacci Mapping},
	Volume = {34},
	Year = {2015}}

@misc{iso,
	Author = {ISO-9613-1},
	Date-Added = {2018-01-31 10:07:52 +0000},
	Date-Modified = {2018-02-01 10:05:23 +0000},
	Title = {Acoustics - Attenuation of sound during propagation outdoors},
	Year = {1993}}

@url{odeon,
	Author = {Odeon},
	Date-Added = {2018-01-30 14:19:19 +0000},
	Date-Modified = {2018-01-30 14:20:30 +0000},
	Title = {Odeon webpage},
	Url = {https://odeon.dk/},
	Bdsk-Url-1 = {https://odeon.dk/}}

@misc{angle_solide,
	Author = {Habib M'HENNI},
	Date-Added = {2017-12-21 12:20:55 +0000},
	Date-Modified = {2018-01-29 17:19:04 +0000},
	Howpublished = {Wikip{\'e}dia},
	Title = {L'angle solide correspond {\`a} un c{\^o}ne de r{\'e}volution d'angle au sommet inscrit dans la sph{\`e}re de projection},
	Url = {https://fr.wikipedia.org/wiki/Angle_solide},
	Year = {2010},
	Bdsk-Url-1 = {https://fr.wikipedia.org/wiki/Angle_solide}}

@article{beamtracing,
	Author = {Funkhouser, Thomas AND Tsingos, Nicolas AND Carlbom, Ingrid AND Elko, Gary AND Sondhi, Mohan AND West, James E. AND Pingali, Gopal AND Min, Patrick AND Ngan, Addy},
	Date-Added = {2017-12-19 14:51:16 +0000},
	Date-Modified = {2017-12-19 14:56:44 +0000},
	Journal = {Acoustical Society of America},
	Month = {F{\'e}vrier},
	Number = {115},
	Pages = {739--756},
	Title = {A beam tracing method for interactive architectural acoustics},
	Year = {2004},
	Bdsk-File-1 = {YnBsaXN0MDDUAQIDBAUGJCVYJHZlcnNpb25YJG9iamVjdHNZJGFyY2hpdmVyVCR0b3ASAAGGoKgHCBMUFRYaIVUkbnVsbNMJCgsMDxJXTlMua2V5c1pOUy5vYmplY3RzViRjbGFzc6INDoACgAOiEBGABIAFgAdccmVsYXRpdmVQYXRoWWFsaWFzRGF0YV8Qay4uLy4uLy4uL0RvY3VtZW50cy9iaWJsaW8vUGFydDItYWNvdXN0aXF1ZS9hIGJlYW0gdHJhY2luZyBtZXRob2QgZm9yIGludGVyYWN0aXZlIGFyY2hpdGVjdHVhbCBhY291c3RpY3MucGRm0hcLGBlXTlMuZGF0YU8RAlQAAAAAAlQAAgAADE1hY2ludG9zaCBIRAAAAAAAAAAAAAAAAAAAAAAAAABCRAAB/////x9hIGJlYW0gdHJhY2luZyBtZXQjRkZGRkZGRkYucGRmAAAAAAAAAAAAAAAAAAAAAAAAAAAAAAAAAAAAAAAAAAD/////AAAAAAAAAAAAAAAAAAMABAAACiBjdQAAAAAAAAAAAAAAAAAQUGFydDItYWNvdXN0aXF1ZQACAHcvOlVzZXJzOnJvYmluZ3VlZ3VlbjpEb2N1bWVudHM6YmlibGlvOlBhcnQyLWFjb3VzdGlxdWU6YSBiZWFtIHRyYWNpbmcgbWV0aG9kIGZvciBpbnRlcmFjdGl2ZSBhcmNoaXRlY3R1YWwgYWNvdXN0aWNzLnBkZgAADgCCAEAAYQAgAGIAZQBhAG0AIAB0AHIAYQBjAGkAbgBnACAAbQBlAHQAaABvAGQAIABmAG8AcgAgAGkAbgB0AGUAcgBhAGMAdABpAHYAZQAgAGEAcgBjAGgAaQB0AGUAYwB0AHUAYQBsACAAYQBjAG8AdQBzAHQAaQBjAHMALgBwAGQAZgAPABoADABNAGEAYwBpAG4AdABvAHMAaAAgAEgARAASAHVVc2Vycy9yb2Jpbmd1ZWd1ZW4vRG9jdW1lbnRzL2JpYmxpby9QYXJ0Mi1hY291c3RpcXVlL2EgYmVhbSB0cmFjaW5nIG1ldGhvZCBmb3IgaW50ZXJhY3RpdmUgYXJjaGl0ZWN0dWFsIGFjb3VzdGljcy5wZGYAABMAAS8AABUAAgAT//8AAIAG0hscHR5aJGNsYXNzbmFtZVgkY2xhc3Nlc11OU011dGFibGVEYXRhox0fIFZOU0RhdGFYTlNPYmplY3TSGxwiI1xOU0RpY3Rpb25hcnmiIiBfEA9OU0tleWVkQXJjaGl2ZXLRJidUcm9vdIABAAgAEQAaACMALQAyADcAQABGAE0AVQBgAGcAagBsAG4AcQBzAHUAdwCEAI4A/AEBAQkDYQNjA2gDcwN8A4oDjgOVA54DowOwA7MDxQPIA80AAAAAAAACAQAAAAAAAAAoAAAAAAAAAAAAAAAAAAADzw==}}

@phdthesis{BEM,
	Author = {Aussal, Matthieu},
	Date-Added = {2017-12-19 14:46:27 +0000},
	Date-Modified = {2017-12-19 14:49:26 +0000},
	School = {Ecole Polytechnique},
	Title = {M{\'e}thodes num{\'e}riques pour la spatialisation sonore, de la simulation {\`a} la synth{\`e}se binaurale},
	Year = {2014}}

@book{sabine,
	Author = {Sabine, Wallace C},
	Date-Added = {2017-12-18 13:45:08 +0000},
	Date-Modified = {2017-12-18 13:46:50 +0000},
	Publisher = {Reprints of the American Architect},
	Title = {Architectural Acoustics},
	Volume = {Part I. Reverberation},
	Year = {1900},
	Bdsk-File-1 = {YnBsaXN0MDDUAQIDBAUGJCVYJHZlcnNpb25YJG9iamVjdHNZJGFyY2hpdmVyVCR0b3ASAAGGoKgHCBMUFRYaIVUkbnVsbNMJCgsMDxJXTlMua2V5c1pOUy5vYmplY3RzViRjbGFzc6INDoACgAOiEBGABIAFgAdccmVsYXRpdmVQYXRoWWFsaWFzRGF0YV8QSC4uLy4uLy4uL0RvY3VtZW50cy9iaWJsaW8vUGFydDItYWNvdXN0aXF1ZS9hanAtanBoeXN0YXBfMTkwMV8xMF8zOF8wLnBkZtIXCxgZV05TLmRhdGFPEQHGAAAAAAHGAAIAAAxNYWNpbnRvc2ggSEQAAAAAAAAAAAAAAAAAAAAAAAAAQkQAAf////8dYWpwLWpwaHlzdGFwXzE5MDFfMTBfMzhfMC5wZGYAAAAAAAAAAAAAAAAAAAAAAAAAAAAAAAAAAAAAAAAAAAAA/////wAAAAAAAAAAAAAAAAADAAQAAAogY3UAAAAAAAAAAAAAAAAAEFBhcnQyLWFjb3VzdGlxdWUAAgBULzpVc2Vyczpyb2Jpbmd1ZWd1ZW46RG9jdW1lbnRzOmJpYmxpbzpQYXJ0Mi1hY291c3RpcXVlOmFqcC1qcGh5c3RhcF8xOTAxXzEwXzM4XzAucGRmAA4APAAdAGEAagBwAC0AagBwAGgAeQBzAHQAYQBwAF8AMQA5ADAAMQBfADEAMABfADMAOABfADAALgBwAGQAZgAPABoADABNAGEAYwBpAG4AdABvAHMAaAAgAEgARAASAFJVc2Vycy9yb2Jpbmd1ZWd1ZW4vRG9jdW1lbnRzL2JpYmxpby9QYXJ0Mi1hY291c3RpcXVlL2FqcC1qcGh5c3RhcF8xOTAxXzEwXzM4XzAucGRmABMAAS8AABUAAgAT//8AAIAG0hscHR5aJGNsYXNzbmFtZVgkY2xhc3Nlc11OU011dGFibGVEYXRhox0fIFZOU0RhdGFYTlNPYmplY3TSGxwiI1xOU0RpY3Rpb25hcnmiIiBfEA9OU0tleWVkQXJjaGl2ZXLRJidUcm9vdIABAAgAEQAaACMALQAyADcAQABGAE0AVQBgAGcAagBsAG4AcQBzAHUAdwCEAI4A2QDeAOYCsAKyArcCwgLLAtkC3QLkAu0C8gL/AwIDFAMXAxwAAAAAAAACAQAAAAAAAAAoAAAAAAAAAAAAAAAAAAADHg==}}

@mastersthesis{Kandelman,
	Author = {Mika{\"e}l Kandelman},
	Date-Added = {2017-12-18 13:36:08 +0000},
	Date-Modified = {2017-12-18 13:37:55 +0000},
	School = {Ecole Nationale Sup{\'e}rieur Louis-Lumi{\`e}re},
	Title = {Simulation acoustique par la m{\'e}thode des sources images},
	Year = {2007},
	Bdsk-File-1 = {YnBsaXN0MDDUAQIDBAUGJCVYJHZlcnNpb25YJG9iamVjdHNZJGFyY2hpdmVyVCR0b3ASAAGGoKgHCBMUFRYaIVUkbnVsbNMJCgsMDxJXTlMua2V5c1pOUy5vYmplY3RzViRjbGFzc6INDoACgAOiEBGABIAFgAdccmVsYXRpdmVQYXRoWWFsaWFzRGF0YV8QRS4uLy4uLy4uL0RvY3VtZW50cy9iaWJsaW8vUGFydDItYWNvdXN0aXF1ZS9LYW5kZWxtYW4tc29uLTIwMDctbWVtLnBkZtIXCxgZV05TLmRhdGFPEQG8AAAAAAG8AAIAAAxNYWNpbnRvc2ggSEQAAAAAAAAAAAAAAAAAAAAAAAAAQkQAAf////8aS2FuZGVsbWFuLXNvbi0yMDA3LW1lbS5wZGYAAAAAAAAAAAAAAAAAAAAAAAAAAAAAAAAAAAAAAAAAAAAAAAAA/////wAAAAAAAAAAAAAAAAADAAQAAAogY3UAAAAAAAAAAAAAAAAAEFBhcnQyLWFjb3VzdGlxdWUAAgBRLzpVc2Vyczpyb2Jpbmd1ZWd1ZW46RG9jdW1lbnRzOmJpYmxpbzpQYXJ0Mi1hY291c3RpcXVlOkthbmRlbG1hbi1zb24tMjAwNy1tZW0ucGRmAAAOADYAGgBLAGEAbgBkAGUAbABtAGEAbgAtAHMAbwBuAC0AMgAwADAANwAtAG0AZQBtAC4AcABkAGYADwAaAAwATQBhAGMAaQBuAHQAbwBzAGgAIABIAEQAEgBPVXNlcnMvcm9iaW5ndWVndWVuL0RvY3VtZW50cy9iaWJsaW8vUGFydDItYWNvdXN0aXF1ZS9LYW5kZWxtYW4tc29uLTIwMDctbWVtLnBkZgAAEwABLwAAFQACABP//wAAgAbSGxwdHlokY2xhc3NuYW1lWCRjbGFzc2VzXU5TTXV0YWJsZURhdGGjHR8gVk5TRGF0YVhOU09iamVjdNIbHCIjXE5TRGljdGlvbmFyeaIiIF8QD05TS2V5ZWRBcmNoaXZlctEmJ1Ryb290gAEACAARABoAIwAtADIANwBAAEYATQBVAGAAZwBqAGwAbgBxAHMAdQB3AIQAjgDWANsA4wKjAqUCqgK1Ar4CzALQAtcC4ALlAvIC9QMHAwoDDwAAAAAAAAIBAAAAAAAAACgAAAAAAAAAAAAAAAAAAAMR}}

@booklet{picaut,
	Address = {Laboratoire Central des Ponts et Chauss{\'e}es, Centre de Nantes},
	Author = {Picaut, Judica{\"e}l},
	Date-Added = {2017-12-18 13:31:03 +0000},
	Date-Modified = {2017-12-18 13:34:27 +0000},
	Howpublished = {CAHIER TH{\'E}MATIQUE : M{\'E}THODES NUM{\'E}RIQUES EN G{\'E}NIE CIVIL},
	Month = {Octobre, Novembre, D{\'e}cembre},
	Title = {Application num{\'e}rique du concept de particules sonores {\`a} la mod{\'e}lisation des champs sonores en acoustique architecturale},
	Year = {2005},
	Bdsk-File-1 = {YnBsaXN0MDDUAQIDBAUGJCVYJHZlcnNpb25YJG9iamVjdHNZJGFyY2hpdmVyVCR0b3ASAAGGoKgHCBMUFRYaIVUkbnVsbNMJCgsMDxJXTlMua2V5c1pOUy5vYmplY3RzViRjbGFzc6INDoACgAOiEBGABIAFgAdccmVsYXRpdmVQYXRoWWFsaWFzRGF0YV8QQi4uLy4uLy4uL0RvY3VtZW50cy9iaWJsaW8vUGFydDItYWNvdXN0aXF1ZS9ibHBjX18yNTgtMjU5XzU5LTg4LnBkZtIXCxgZV05TLmRhdGFPEQGuAAAAAAGuAAIAAAxNYWNpbnRvc2ggSEQAAAAAAAAAAAAAAAAAAAAAAAAAQkQAAf////8XYmxwY19fMjU4LTI1OV81OS04OC5wZGYAAAAAAAAAAAAAAAAAAAAAAAAAAAAAAAAAAAAAAAAAAAAAAAAAAAAA/////wAAAAAAAAAAAAAAAAADAAQAAAogY3UAAAAAAAAAAAAAAAAAEFBhcnQyLWFjb3VzdGlxdWUAAgBOLzpVc2Vyczpyb2Jpbmd1ZWd1ZW46RG9jdW1lbnRzOmJpYmxpbzpQYXJ0Mi1hY291c3RpcXVlOmJscGNfXzI1OC0yNTlfNTktODgucGRmAA4AMAAXAGIAbABwAGMAXwBfADIANQA4AC0AMgA1ADkAXwA1ADkALQA4ADgALgBwAGQAZgAPABoADABNAGEAYwBpAG4AdABvAHMAaAAgAEgARAASAExVc2Vycy9yb2Jpbmd1ZWd1ZW4vRG9jdW1lbnRzL2JpYmxpby9QYXJ0Mi1hY291c3RpcXVlL2JscGNfXzI1OC0yNTlfNTktODgucGRmABMAAS8AABUAAgAT//8AAIAG0hscHR5aJGNsYXNzbmFtZVgkY2xhc3Nlc11OU011dGFibGVEYXRhox0fIFZOU0RhdGFYTlNPYmplY3TSGxwiI1xOU0RpY3Rpb25hcnmiIiBfEA9OU0tleWVkQXJjaGl2ZXLRJidUcm9vdIABAAgAEQAaACMALQAyADcAQABGAE0AVQBgAGcAagBsAG4AcQBzAHUAdwCEAI4A0wDYAOACkgKUApkCpAKtArsCvwLGAs8C1ALhAuQC9gL5Av4AAAAAAAACAQAAAAAAAAAoAAAAAAAAAAAAAAAAAAADAA==}}

@book{jouhaneau,
	Author = {Jouhaneau, Jacques},
	Date-Added = {2017-12-15 14:44:44 +0000},
	Date-Modified = {2017-12-15 14:48:51 +0000},
	Publisher = {Conservatoire national des arts et m{\'e}tiers},
	Series = {Acoustique appliqu{\'e}e},
	Title = {Acoustique des salles et sonorisation},
	Volume = {3},
	Year = {1997}}

@misc{exactBound,
	Author = {Tavian Barnes},
	Howpublished = {\url{https://tavianator.com/exact-bounding-boxes-for-spheres-ellipsoids/}},
	Note = {[En ligne; dernier acc{\'e}s le 12 juillet 2016]},
	Title = {{Exact Bounding Boxes for Spheres/Ellipsoids}},
	Year = {2014}}
