%% This BibTeX bibliography file was created using BibDesk.
%% http://bibdesk.sourceforge.net/

%% Created for Robin Gueguen at 2018-06-11 17:34:19 +0200 


%% Saved with string encoding Unicode (UTF-8) 



@manual{odeonManuel,
	Address = {Scion DTU Diplomvej, building 381 DK- 2800 Kgs. Lyngby Denmark},
	Author = {Odeon},
	Date-Added = {2018-06-11 13:57:38 +0000},
	Date-Modified = {2018-06-11 15:34:17 +0000},
	Month = {July},
	Organization = {Odeon A/S},
	Title = {ODEON Room Acoustics Software},
	Year = {2016},
	Bdsk-File-1 = {YnBsaXN0MDDUAQIDBAUGJCVYJHZlcnNpb25YJG9iamVjdHNZJGFyY2hpdmVyVCR0b3ASAAGGoKgHCBMUFRYaIVUkbnVsbNMJCgsMDxJXTlMua2V5c1pOUy5vYmplY3RzViRjbGFzc6INDoACgAOiEBGABIAFgAdccmVsYXRpdmVQYXRoWWFsaWFzRGF0YV8QNi4uLy4uLy4uL0RvY3VtZW50cy9iaWJsaW8vUGFydDMtQXBwbGkvT0RFT05fTWFudWFsLnBkZtIXCxgZV05TLmRhdGFPEQGEAAAAAAGEAAIAAAxNYWNpbnRvc2ggSEQAAAAAAAAAAAAAAAAAAAAAAAAAQkQAAf////8QT0RFT05fTWFudWFsLnBkZgAAAAAAAAAAAAAAAAAAAAAAAAAAAAAAAAAAAAAAAAAAAAAAAAAAAAAAAAAAAAAA/////wAAAAAAAAAAAAAAAAADAAQAAAogY3UAAAAAAAAAAAAAAAAAC1BhcnQzLUFwcGxpAAACAEIvOlVzZXJzOnJvYmluZ3VlZ3VlbjpEb2N1bWVudHM6YmlibGlvOlBhcnQzLUFwcGxpOk9ERU9OX01hbnVhbC5wZGYADgAiABAATwBEAEUATwBOAF8ATQBhAG4AdQBhAGwALgBwAGQAZgAPABoADABNAGEAYwBpAG4AdABvAHMAaAAgAEgARAASAEBVc2Vycy9yb2Jpbmd1ZWd1ZW4vRG9jdW1lbnRzL2JpYmxpby9QYXJ0My1BcHBsaS9PREVPTl9NYW51YWwucGRmABMAAS8AABUAAgAT//8AAIAG0hscHR5aJGNsYXNzbmFtZVgkY2xhc3Nlc11OU011dGFibGVEYXRhox0fIFZOU0RhdGFYTlNPYmplY3TSGxwiI1xOU0RpY3Rpb25hcnmiIiBfEA9OU0tleWVkQXJjaGl2ZXLRJidUcm9vdIABAAgAEQAaACMALQAyADcAQABGAE0AVQBgAGcAagBsAG4AcQBzAHUAdwCEAI4AxwDMANQCXAJeAmMCbgJ3AoUCiQKQApkCngKrAq4CwALDAsgAAAAAAAACAQAAAAAAAAAoAAAAAAAAAAAAAAAAAAACyg==}}

@article{rindel,
	Author = {Jens Holger Rindel},
	Date-Added = {2018-06-11 13:22:14 +0000},
	Date-Modified = {2018-06-11 13:23:07 +0000},
	Journal = {ACTA ACUSTICA UNITED WITH ACUSTICA},
	Pages = {21-29},
	Title = {Roman Theatres and Revival of Their Acoustics in the ERATO Project},
	Volume = {99},
	Year = {2013}}

@book{Reichardt,
	Author = {W Reichardt},
	Date-Added = {2018-06-11 10:20:14 +0000},
	Date-Modified = {2018-06-11 10:23:43 +0000},
	Publisher = {Acustica},
	Title = {Definition und Messgrindlage eines objektiven Masses zur Ermittlung der Grenze zwischen brauchbarer und unbrauchbarer Durchsichtigkeit bei Musikdarbietung},
	Volume = {32},
	Year = {1975}}

@book{jouhaneau,
	Author = {Jouhaneau, Jacques},
	Date-Added = {2018-06-11 09:18:08 +0000},
	Date-Modified = {2018-06-11 09:18:08 +0000},
	Publisher = {Conservatoire national des arts et m{\'e}tiers},
	Series = {Acoustique appliqu{\'e}e},
	Title = {Acoustique des salles et sonorisation},
	Volume = {3},
	Year = {1997}}

@proceedings{c80,
	Author = {Francesco PATANIA and Antonio GAGLIANO and Francesco NOCERA And Andrea CICERO},
	Booktitle = {inter.noise},
	Date-Added = {2018-06-06 16:00:49 +0000},
	Date-Modified = {2018-06-06 16:04:05 +0000},
	Title = {Evaluation of the acoustic performance of a theatrical space set up in a restored Latomia in Ragusa Iblea},
	Year = {2014}}

@book{haas,
	Author = {H. Haas},
	Date-Added = {2018-06-06 13:13:54 +0000},
	Date-Modified = {2018-06-06 13:15:06 +0000},
	Number = {2},
	Publisher = {Acoustica},
	Title = {Influence de l'{\'e}cho sur la compr{\'e}hension de la parole},
	Volume = {1},
	Year = {1951}}

@book{formige,
	Author = {Formig{\'e}, Jules},
	Date-Added = {2018-06-01 14:23:16 +0000},
	Date-Modified = {2018-06-01 14:23:16 +0000},
	Publisher = {M{\'e}moires pr{\'e}sent{\'e}s par divers savants {\`a} l'Acad{\'e}mie des inscriptions et belles-lettres de l'Institut de France},
	Series = {Sujets Sujets divers d'{\'e}rudition},
	Title = {Remarques diverses sur les th{\'e}{\^a}tres romains, {\`a} propose de ceux d'Arles et d'Orange},
	Volume = {13},
	Year = {1923},
	Bdsk-File-1 = {YnBsaXN0MDDUAQIDBAUGJCVYJHZlcnNpb25YJG9iamVjdHNZJGFyY2hpdmVyVCR0b3ASAAGGoKgHCBMUFRYaIVUkbnVsbNMJCgsMDxJXTlMua2V5c1pOUy5vYmplY3RzViRjbGFzc6INDoACgAOiEBGABIAFgAdccmVsYXRpdmVQYXRoWWFsaWFzRGF0YV8QOS4uLy4uLy4uL0RvY3VtZW50cy9iaWJsaW8vUGFydDEtYXJjaGVvL29yYW5nZS9mb3JtaWdlLnBkZtIXCxgZV05TLmRhdGFPEQF8AAAAAAF8AAIAAAxNYWNpbnRvc2ggSEQAAAAAAAAAAAAAAAAAAAAAAAAAQkQAAf////8LZm9ybWlnZS5wZGYAAAAAAAAAAAAAAAAAAAAAAAAAAAAAAAAAAAAAAAAAAAAAAAAAAAAAAAAAAAAAAAAAAAAA/////wAAAAAAAAAAAAAAAAADAAUAAAogY3UAAAAAAAAAAAAAAAAABm9yYW5nZQACAEUvOlVzZXJzOnJvYmluZ3VlZ3VlbjpEb2N1bWVudHM6YmlibGlvOlBhcnQxLWFyY2hlbzpvcmFuZ2U6Zm9ybWlnZS5wZGYAAA4AGAALAGYAbwByAG0AaQBnAGUALgBwAGQAZgAPABoADABNAGEAYwBpAG4AdABvAHMAaAAgAEgARAASAENVc2Vycy9yb2Jpbmd1ZWd1ZW4vRG9jdW1lbnRzL2JpYmxpby9QYXJ0MS1hcmNoZW8vb3JhbmdlL2Zvcm1pZ2UucGRmAAATAAEvAAAVAAIAE///AACABtIbHB0eWiRjbGFzc25hbWVYJGNsYXNzZXNdTlNNdXRhYmxlRGF0YaMdHyBWTlNEYXRhWE5TT2JqZWN00hscIiNcTlNEaWN0aW9uYXJ5oiIgXxAPTlNLZXllZEFyY2hpdmVy0SYnVHJvb3SAAQAIABEAGgAjAC0AMgA3AEAARgBNAFUAYABnAGoAbABuAHEAcwB1AHcAhACOAMoAzwDXAlcCWQJeAmkCcgKAAoQCiwKUApkCpgKpArsCvgLDAAAAAAAAAgEAAAAAAAAAKAAAAAAAAAAAAAAAAAAAAsU=}}

@url{odeon,
	Author = {Odeon},
	Date-Added = {2018-05-25 18:01:10 +0000},
	Date-Modified = {2018-05-25 18:01:10 +0000},
	Title = {Odeon webpage},
	Url = {https://odeon.dk/},
	Bdsk-Url-1 = {https://odeon.dk/}}

@techreport{orangeTxt,
	Author = {Badie, Alain AND Fincker, Myriam AND Moretti, Jean-Charles AND Rabatel, Liliane AND Rosso, Emmanuelle AND Tardy, Dominique},
	Date-Added = {2018-05-25 17:21:00 +0000},
	Date-Modified = {2018-05-25 17:21:00 +0000},
	Note = {PACA Vaucluse, Orange Th{\'e}{\^a}tre antique 84 087 0031 - Patriarche 9827 n2012-203},
	Title = {LE TH{\'E}{\^A}TRE D'ORANGE - Rapport final d'op{\'e}ration - texte},
	Year = {2013},
	Bdsk-File-1 = {YnBsaXN0MDDUAQIDBAUGJCVYJHZlcnNpb25YJG9iamVjdHNZJGFyY2hpdmVyVCR0b3ASAAGGoKgHCBMUFRYaIVUkbnVsbNMJCgsMDxJXTlMua2V5c1pOUy5vYmplY3RzViRjbGFzc6INDoACgAOiEBGABIAFgAdccmVsYXRpdmVQYXRoWWFsaWFzRGF0YV8QSS4uLy4uLy4uL0RvY3VtZW50cy9iaWJsaW8vUGFydDEtYXJjaGVvL29yYW5nZS9SYXBwb3J0IE9yYW5nZSAyMDEzLnR4dC5wZGbSFwsYGVdOUy5kYXRhTxEBvAAAAAABvAACAAAMTWFjaW50b3NoIEhEAAAAAAAAAAAAAAAAAAAAAAAAAEJEAAH/////G1JhcHBvcnQgT3JhbmdlIDIwMTMudHh0LnBkZgAAAAAAAAAAAAAAAAAAAAAAAAAAAAAAAAAAAAAAAAAAAAAAAP////8AAAAAAAAAAAAAAAAAAwAFAAAKIGN1AAAAAAAAAAAAAAAAAAZvcmFuZ2UAAgBVLzpVc2Vyczpyb2Jpbmd1ZWd1ZW46RG9jdW1lbnRzOmJpYmxpbzpQYXJ0MS1hcmNoZW86b3JhbmdlOlJhcHBvcnQgT3JhbmdlIDIwMTMudHh0LnBkZgAADgA4ABsAUgBhAHAAcABvAHIAdAAgAE8AcgBhAG4AZwBlACAAMgAwADEAMwAuAHQAeAB0AC4AcABkAGYADwAaAAwATQBhAGMAaQBuAHQAbwBzAGgAIABIAEQAEgBTVXNlcnMvcm9iaW5ndWVndWVuL0RvY3VtZW50cy9iaWJsaW8vUGFydDEtYXJjaGVvL29yYW5nZS9SYXBwb3J0IE9yYW5nZSAyMDEzLnR4dC5wZGYAABMAAS8AABUAAgAT//8AAIAG0hscHR5aJGNsYXNzbmFtZVgkY2xhc3Nlc11OU011dGFibGVEYXRhox0fIFZOU0RhdGFYTlNPYmplY3TSGxwiI1xOU0RpY3Rpb25hcnmiIiBfEA9OU0tleWVkQXJjaGl2ZXLRJidUcm9vdIABAAgAEQAaACMALQAyADcAQABGAE0AVQBgAGcAagBsAG4AcQBzAHUAdwCEAI4A2gDfAOcCpwKpAq4CuQLCAtAC1ALbAuQC6QL2AvkDCwMOAxMAAAAAAAACAQAAAAAAAAAoAAAAAAAAAAAAAAAAAAADFQ==}}

@book{vitruve,
	Author = {M. Ch.-L. Maufras},
	Date-Added = {2018-05-25 15:12:51 +0000},
	Date-Modified = {2018-05-25 15:12:51 +0000},
	Publisher = {Panckoucke},
	Title = {Vitruve : De l'architecture},
	Volume = {V},
	Year = {1847},
	Bdsk-File-1 = {YnBsaXN0MDDUAQIDBAUGJCVYJHZlcnNpb25YJG9iamVjdHNZJGFyY2hpdmVyVCR0b3ASAAGGoKgHCBMUFRYaIVUkbnVsbNMJCgsMDxJXTlMua2V5c1pOUy5vYmplY3RzViRjbGFzc6INDoACgAOiEBGABIAFgAdccmVsYXRpdmVQYXRoWWFsaWFzRGF0YV8QXS4uLy4uLy4uL0RvY3VtZW50cy9iaWJsaW8vUGFydDEtYXJjaGVvL1ZpdHJ1dmUgOiBkZSBsJ0FyY2hpdGVjdHVyZSA6IGxpdnJlIDUgKHRyYWR1Y3Rpb24pLnBkZtIXCxgZV05TLmRhdGFPEQIgAAAAAAIgAAIAAAxNYWNpbnRvc2ggSEQAAAAAAAAAAAAAAAAAAAAAAAAAQkQAAf////8fVml0cnV2ZSAvIGRlIGwnQXJjI0ZGRkZGRkZGLnBkZgAAAAAAAAAAAAAAAAAAAAAAAAAAAAAAAAAAAAAAAAAA/////wAAAAAAAAAAAAAAAAADAAQAAAogY3UAAAAAAAAAAAAAAAAADFBhcnQxLWFyY2hlbwACAGkvOlVzZXJzOnJvYmluZ3VlZ3VlbjpEb2N1bWVudHM6YmlibGlvOlBhcnQxLWFyY2hlbzpWaXRydXZlIC8gZGUgbCdBcmNoaXRlY3R1cmUgLyBsaXZyZSA1ICh0cmFkdWN0aW9uKS5wZGYAAA4AbgA2AFYAaQB0AHIAdQB2AGUAIAAvACAAZABlACAAbAAnAEEAcgBjAGgAaQB0AGUAYwB0AHUAcgBlACAALwAgAGwAaQB2AHIAZQAgADUAIAAoAHQAcgBhAGQAdQBjAHQAaQBvAG4AKQAuAHAAZABmAA8AGgAMAE0AYQBjAGkAbgB0AG8AcwBoACAASABEABIAZ1VzZXJzL3JvYmluZ3VlZ3Vlbi9Eb2N1bWVudHMvYmlibGlvL1BhcnQxLWFyY2hlby9WaXRydXZlIDogZGUgbCdBcmNoaXRlY3R1cmUgOiBsaXZyZSA1ICh0cmFkdWN0aW9uKS5wZGYAABMAAS8AABUAAgAT//8AAIAG0hscHR5aJGNsYXNzbmFtZVgkY2xhc3Nlc11OU011dGFibGVEYXRhox0fIFZOU0RhdGFYTlNPYmplY3TSGxwiI1xOU0RpY3Rpb25hcnmiIiBfEA9OU0tleWVkQXJjaGl2ZXLRJidUcm9vdIABAAgAEQAaACMALQAyADcAQABGAE0AVQBgAGcAagBsAG4AcQBzAHUAdwCEAI4A7gDzAPsDHwMhAyYDMQM6A0gDTANTA1wDYQNuA3EDgwOGA4sAAAAAAAACAQAAAAAAAAAoAAAAAAAAAAAAAAAAAAADjQ==}}

@book{arnaud,
	Author = {Abb{\'e} Arnaud},
	Date-Added = {2018-05-23 14:58:45 +0000},
	Date-Modified = {2018-05-23 15:15:43 +0000},
	Publisher = {L'imprimerie de Valade},
	Title = {Oeuvres compl{\`e}tes},
	Volume = {Tome III},
	Year = {1808}}

@book{aristote,
	Author = {Jules Barth{\'e}lemy-Saint-Hilaire},
	Date-Added = {2018-05-23 14:57:49 +0000},
	Date-Modified = {2018-05-23 15:22:25 +0000},
	Publisher = {Ladrange},
	Title = {Livre de la Po{\'e}tique d'Aristote},
	Year = {1838}}

@book{canac,
	Address = {15, quai Anatle-France - Paris VII},
	Author = {Fran{\c c}ois Canac},
	Date-Added = {2018-05-23 14:10:20 +0000},
	Date-Modified = {2018-05-23 14:12:56 +0000},
	Publisher = {{\'E}ditions du centre national de la recherche scientifique},
	Title = {L'acoustique des th{\'e}{\^a}tres antiques. Ses enseignements},
	Year = {1967},
	Bdsk-File-1 = {YnBsaXN0MDDUAQIDBAUGJCVYJHZlcnNpb25YJG9iamVjdHNZJGFyY2hpdmVyVCR0b3ASAAGGoKgHCBMUFRYaIVUkbnVsbNMJCgsMDxJXTlMua2V5c1pOUy5vYmplY3RzViRjbGFzc6INDoACgAOiEBGABIAFgAdccmVsYXRpdmVQYXRoWWFsaWFzRGF0YV8QLy4uLy4uLy4uL0RvY3VtZW50cy9iaWJsaW8vUGFydDMtQXBwbGkvQ0FOQUMucGRm0hcLGBlXTlMuZGF0YU8RAWoAAAAAAWoAAgAADE1hY2ludG9zaCBIRAAAAAAAAAAAAAAAAAAAAAAAAABCRAAB/////wlDQU5BQy5wZGYAAAAAAAAAAAAAAAAAAAAAAAAAAAAAAAAAAAAAAAAAAAAAAAAAAAAAAAAAAAAAAAAAAAAAAAD/////AAAAAAAAAAAAAAAAAAMABAAACiBjdQAAAAAAAAAAAAAAAAALUGFydDMtQXBwbGkAAAIAOy86VXNlcnM6cm9iaW5ndWVndWVuOkRvY3VtZW50czpiaWJsaW86UGFydDMtQXBwbGk6Q0FOQUMucGRmAAAOABQACQBDAEEATgBBAEMALgBwAGQAZgAPABoADABNAGEAYwBpAG4AdABvAHMAaAAgAEgARAASADlVc2Vycy9yb2Jpbmd1ZWd1ZW4vRG9jdW1lbnRzL2JpYmxpby9QYXJ0My1BcHBsaS9DQU5BQy5wZGYAABMAAS8AABUAAgAT//8AAIAG0hscHR5aJGNsYXNzbmFtZVgkY2xhc3Nlc11OU011dGFibGVEYXRhox0fIFZOU0RhdGFYTlNPYmplY3TSGxwiI1xOU0RpY3Rpb25hcnmiIiBfEA9OU0tleWVkQXJjaGl2ZXLRJidUcm9vdIABAAgAEQAaACMALQAyADcAQABGAE0AVQBgAGcAagBsAG4AcQBzAHUAdwCEAI4AwADFAM0COwI9AkICTQJWAmQCaAJvAngCfQKKAo0CnwKiAqcAAAAAAAACAQAAAAAAAAAoAAAAAAAAAAAAAAAAAAACqQ==}}
