%% This BibTeX bibliography file was created using BibDesk.
%% http://bibdesk.sourceforge.net/

%% Created for Robin Gueguen at 2017-10-23 18:29:39 +0200 


%% Saved with string encoding Unicode (UTF-8) 



@book{pline,
	Author = {Pline},
	Date-Added = {2017-10-23 13:50:48 +0000},
	Date-Modified = {2017-10-23 13:52:56 +0000},
	Title = {Naturalis historia},
	Volume = {XIX},
	Year = {77}}

@book{moretti,
	Author = {Moretti, Jean-Charles},
	Date-Added = {2017-10-23 12:44:39 +0000},
	Date-Modified = {2017-10-23 16:29:39 +0000},
	Number = {pp. 133-158},
	Publisher = {Anatolia Antiqua},
	Title = {{\'E}tude sur la nomenclature grecque de l'architecture th{\'e}{\^a}trale. $\Pi$ETA$\Sigma$O$\Sigma$ et la d{\'e}nomination grecque des v{\'e}lums},
	Volume = {2},
	Year = {1993},
	Bdsk-File-1 = {YnBsaXN0MDDUAQIDBAUGJCVYJHZlcnNpb25YJG9iamVjdHNZJGFyY2hpdmVyVCR0b3ASAAGGoKgHCBMUFRYaIVUkbnVsbNMJCgsMDxJXTlMua2V5c1pOUy5vYmplY3RzViRjbGFzc6INDoACgAOiEBGABIAFgAdccmVsYXRpdmVQYXRoWWFsaWFzRGF0YV8QOS4uLy4uLy4uL0RvY3VtZW50cy9iaWJsaW8vUGFydDEtYXJjaGVvL29yYW5nZS9tb3JldHRpLnBkZtIXCxgZV05TLmRhdGFPEQHAAAAAAAHAAAIAAAxNYWNpbnRvc2ggSEQAAAAAAAAAAAAAAAAAAADR55TSSCsAAAEYqwkLbW9yZXR0aS5wZGYAAAAAAAAAAAAAAAAAAAAAAAAAAAAAAAAAAAAAAAAAAAAAAAAAAAAAAAAAAAAAAAAAAAAAARxQddYTsCAAAAAAAAAAAAADAAUAAAkgAAAAAAAAAAAAAAAAAAAABm9yYW5nZQAQAAgAANHneLIAAAARAAgAANYTlAAAAAABABgBGKsJARiqQQEYqkAACZdWAAmXVQACmFwAAgBWTWFjaW50b3NoIEhEOlVzZXJzOgByb2Jpbmd1ZWd1ZW46AERvY3VtZW50czoAYmlibGlvOgBQYXJ0MS1hcmNoZW86AG9yYW5nZToAbW9yZXR0aS5wZGYADgAYAAsAbQBvAHIAZQB0AHQAaQAuAHAAZABmAA8AGgAMAE0AYQBjAGkAbgB0AG8AcwBoACAASABEABIAQ1VzZXJzL3JvYmluZ3VlZ3Vlbi9Eb2N1bWVudHMvYmlibGlvL1BhcnQxLWFyY2hlby9vcmFuZ2UvbW9yZXR0aS5wZGYAABMAAS8AABUAAgAT//8AAIAG0hscHR5aJGNsYXNzbmFtZVgkY2xhc3Nlc11OU011dGFibGVEYXRhox0fIFZOU0RhdGFYTlNPYmplY3TSGxwiI1xOU0RpY3Rpb25hcnmiIiBfEA9OU0tleWVkQXJjaGl2ZXLRJidUcm9vdIABAAgAEQAaACMALQAyADcAQABGAE0AVQBgAGcAagBsAG4AcQBzAHUAdwCEAI4AygDPANcCmwKdAqICrQK2AsQCyALPAtgC3QLqAu0C/wMCAwcAAAAAAAACAQAAAAAAAAAoAAAAAAAAAAAAAAAAAAADCQ==}}

@book{formige,
	Author = {Formig{\'e}, Jules},
	Date-Added = {2017-10-23 09:31:08 +0000},
	Date-Modified = {2017-10-23 09:35:32 +0000},
	Publisher = {M{\'e}moires pr{\'e}sent{\'e}s par divers savants {\`a} l'Acad{\'e}mie des inscriptions et belles-lettres de l'Institut de France},
	Series = {Sujets Sujets divers d'{\'e}rudition},
	Title = {Remarques diverses sur les th{\'e}{\^a}tres romains, {\`a} propose de ceux d'Arles et d'Orange},
	Volume = {13},
	Year = {1923},
	Bdsk-File-1 = {YnBsaXN0MDDUAQIDBAUGJCVYJHZlcnNpb25YJG9iamVjdHNZJGFyY2hpdmVyVCR0b3ASAAGGoKgHCBMUFRYaIVUkbnVsbNMJCgsMDxJXTlMua2V5c1pOUy5vYmplY3RzViRjbGFzc6INDoACgAOiEBGABIAFgAdccmVsYXRpdmVQYXRoWWFsaWFzRGF0YV8QOS4uLy4uLy4uL0RvY3VtZW50cy9iaWJsaW8vUGFydDEtYXJjaGVvL29yYW5nZS9mb3JtaWdlLnBkZtIXCxgZV05TLmRhdGFPEQHAAAAAAAHAAAIAAAxNYWNpbnRvc2ggSEQAAAAAAAAAAAAAAAAAAADR55TSSCsAAAEYqwkLZm9ybWlnZS5wZGYAAAAAAAAAAAAAAAAAAAAAAAAAAAAAAAAAAAAAAAAAAAAAAAAAAAAAAAAAAAAAAAAAAAAAARxFytYTgOEAAAAAAAAAAAADAAUAAAkgAAAAAAAAAAAAAAAAAAAABm9yYW5nZQAQAAgAANHneLIAAAARAAgAANYTZMEAAAABABgBGKsJARiqQQEYqkAACZdWAAmXVQACmFwAAgBWTWFjaW50b3NoIEhEOlVzZXJzOgByb2Jpbmd1ZWd1ZW46AERvY3VtZW50czoAYmlibGlvOgBQYXJ0MS1hcmNoZW86AG9yYW5nZToAZm9ybWlnZS5wZGYADgAYAAsAZgBvAHIAbQBpAGcAZQAuAHAAZABmAA8AGgAMAE0AYQBjAGkAbgB0AG8AcwBoACAASABEABIAQ1VzZXJzL3JvYmluZ3VlZ3Vlbi9Eb2N1bWVudHMvYmlibGlvL1BhcnQxLWFyY2hlby9vcmFuZ2UvZm9ybWlnZS5wZGYAABMAAS8AABUAAgAT//8AAIAG0hscHR5aJGNsYXNzbmFtZVgkY2xhc3Nlc11OU011dGFibGVEYXRhox0fIFZOU0RhdGFYTlNPYmplY3TSGxwiI1xOU0RpY3Rpb25hcnmiIiBfEA9OU0tleWVkQXJjaGl2ZXLRJidUcm9vdIABAAgAEQAaACMALQAyADcAQABGAE0AVQBgAGcAagBsAG4AcQBzAHUAdwCEAI4AygDPANcCmwKdAqICrQK2AsQCyALPAtgC3QLqAu0C/wMCAwcAAAAAAAACAQAAAAAAAAAoAAAAAAAAAAAAAAAAAAADCQ==}}

@book{vitruve,
	Author = {Vitruve},
	Date-Added = {2017-10-11 14:25:07 +0000},
	Date-Modified = {2017-10-11 14:28:54 +0000},
	Title = {De Architectura},
	Volume = {V},
	Year = {-15},
	Bdsk-File-1 = {YnBsaXN0MDDUAQIDBAUGJCVYJHZlcnNpb25YJG9iamVjdHNZJGFyY2hpdmVyVCR0b3ASAAGGoKgHCBMUFRYaIVUkbnVsbNMJCgsMDxJXTlMua2V5c1pOUy5vYmplY3RzViRjbGFzc6INDoACgAOiEBGABIAFgAdccmVsYXRpdmVQYXRoWWFsaWFzRGF0YV8QXS4uLy4uLy4uL0RvY3VtZW50cy9iaWJsaW8vUGFydDEtYXJjaGVvL1ZpdHJ1dmUgOiBkZSBsJ0FyY2hpdGVjdHVyZSA6IGxpdnJlIDUgKHRyYWR1Y3Rpb24pLnBkZtIXCxgZV05TLmRhdGFPEQJIAAAAAAJIAAIAAAxNYWNpbnRvc2ggSEQAAAAAAAAAAAAAAAAAAADR55TSSCsAAAEYqkEfVml0cnV2ZSAvIGRlIGwnQXJjaGkjQTYxNjc5LnBkZgAAAAAAAAAAAAAAAAAAAAAAAAAAAAAAAAAAAAAAAAAAAKYWedRhvncAAAAAAAAAAAADAAQAAAkgAAAAAAAAAAAAAAAAAAAADFBhcnQxLWFyY2hlbwAQAAgAANHneLIAAAARAAgAANRhsGcAAAABABQBGKpBARiqQAAJl1YACZdVAAKYXAACAGJNYWNpbnRvc2ggSEQ6VXNlcnM6AHJvYmluZ3VlZ3VlbjoARG9jdW1lbnRzOgBiaWJsaW86AFBhcnQxLWFyY2hlbzoAVml0cnV2ZSAvIGRlIGwnQXJjaGkjQTYxNjc5LnBkZgAOAG4ANgBWAGkAdAByAHUAdgBlACAALwAgAGQAZQAgAGwAJwBBAHIAYwBoAGkAdABlAGMAdAB1AHIAZQAgAC8AIABsAGkAdgByAGUAIAA1ACAAKAB0AHIAYQBkAHUAYwB0AGkAbwBuACkALgBwAGQAZgAPABoADABNAGEAYwBpAG4AdABvAHMAaAAgAEgARAASAGdVc2Vycy9yb2Jpbmd1ZWd1ZW4vRG9jdW1lbnRzL2JpYmxpby9QYXJ0MS1hcmNoZW8vVml0cnV2ZSA6IGRlIGwnQXJjaGl0ZWN0dXJlIDogbGl2cmUgNSAodHJhZHVjdGlvbikucGRmAAATAAEvAAAVAAIAE///AACABtIbHB0eWiRjbGFzc25hbWVYJGNsYXNzZXNdTlNNdXRhYmxlRGF0YaMdHyBWTlNEYXRhWE5TT2JqZWN00hscIiNcTlNEaWN0aW9uYXJ5oiIgXxAPTlNLZXllZEFyY2hpdmVy0SYnVHJvb3SAAQAIABEAGgAjAC0AMgA3AEAARgBNAFUAYABnAGoAbABuAHEAcwB1AHcAhACOAO4A8wD7A0cDSQNOA1kDYgNwA3QDewOEA4kDlgOZA6sDrgOzAAAAAAAAAgEAAAAAAAAAKAAAAAAAAAAAAAAAAAAAA7U=}}

@book{carteArcheo,
	Author = {Roum{\'e}gous, Ana{\"\i}s AND Provost, Michel},
	Date-Added = {2017-10-11 14:19:59 +0000},
	Date-Modified = {2017-10-11 14:23:50 +0000},
	Publisher = {Acad{\'e}mie des Inscriptions et Belles-Lettres Minist{\`e}re de l'Education Nationale, Minist{\`e}re de la Recherche Minist{\`e}re de la Culture et de la Communication Acad{\'e}mie des Inscriptions et Belles-Lettres Minist{\`e}re de l'Education Nationale, Minist{\`e}re de la Recherche Minist{\`e}re de la Culture et de la Communication},
	Title = {CARTE ARCHEOLOGIQUE DE LA GAULE},
	Year = {2009},
	Bdsk-File-1 = {YnBsaXN0MDDUAQIDBAUGJCVYJHZlcnNpb25YJG9iamVjdHNZJGFyY2hpdmVyVCR0b3ASAAGGoKgHCBMUFRYaIVUkbnVsbNMJCgsMDxJXTlMua2V5c1pOUy5vYmplY3RzViRjbGFzc6INDoACgAOiEBGABIAFgAdccmVsYXRpdmVQYXRoWWFsaWFzRGF0YV8QWi4uLy4uLy4uL0RvY3VtZW50cy9iaWJsaW8vUGFydDEtYXJjaGVvL29yYW5nZS9KLi1DaC5fTW9yZXR0aV9BLl9CYWRpZV9ELl9UYXJkeV9MZV90aGVhLnBkZtIXCxgZV05TLmRhdGFPEQI2AAAAAAI2AAIAAAxNYWNpbnRvc2ggSEQAAAAAAAAAAAAAAAAAAADR55TSSCsAAAEYqwkfSi4tQ2guX01vcmV0dGlfQS5fQmEjQkYzODRDLnBkZgAAAAAAAAAAAAAAAAAAAAAAAAAAAAAAAAAAAAAAAAAAAL84TNSdFU0AAAAAAAAAAAADAAUAAAkgAAAAAAAAAAAAAAAAAAAABm9yYW5nZQAQAAgAANHneLIAAAARAAgAANSdBz0AAAABABgBGKsJARiqQQEYqkAACZdWAAmXVQACmFwAAgBqTWFjaW50b3NoIEhEOlVzZXJzOgByb2Jpbmd1ZWd1ZW46AERvY3VtZW50czoAYmlibGlvOgBQYXJ0MS1hcmNoZW86AG9yYW5nZToASi4tQ2guX01vcmV0dGlfQS5fQmEjQkYzODRDLnBkZgAOAFoALABKAC4ALQBDAGgALgBfAE0AbwByAGUAdAB0AGkAXwBBAC4AXwBCAGEAZABpAGUAXwBEAC4AXwBUAGEAcgBkAHkAXwBMAGUAXwB0AGgAZQBhAC4AcABkAGYADwAaAAwATQBhAGMAaQBuAHQAbwBzAGgAIABIAEQAEgBkVXNlcnMvcm9iaW5ndWVndWVuL0RvY3VtZW50cy9iaWJsaW8vUGFydDEtYXJjaGVvL29yYW5nZS9KLi1DaC5fTW9yZXR0aV9BLl9CYWRpZV9ELl9UYXJkeV9MZV90aGVhLnBkZgATAAEvAAAVAAIAE///AACABtIbHB0eWiRjbGFzc25hbWVYJGNsYXNzZXNdTlNNdXRhYmxlRGF0YaMdHyBWTlNEYXRhWE5TT2JqZWN00hscIiNcTlNEaWN0aW9uYXJ5oiIgXxAPTlNLZXllZEFyY2hpdmVy0SYnVHJvb3SAAQAIABEAGgAjAC0AMgA3AEAARgBNAFUAYABnAGoAbABuAHEAcwB1AHcAhACOAOsA8AD4AzIDNAM5A0QDTQNbA18DZgNvA3QDgQOEA5YDmQOeAAAAAAAAAgEAAAAAAAAAKAAAAAAAAAAAAAAAAAAAA6A=}}

@article{PouvoirDuTheatre,
	Author = {Badie, Alain AND Moretti, Jean-Charles AND Tardy, Dominique},
	Date-Added = {2017-10-11 07:56:05 +0000},
	Date-Modified = {2017-10-11 08:00:14 +0000},
	Institution = {CNRS UMR6222 "Insitut de recherche sur l'architecture antique"},
	Journal = {Arch{\'e}opages},
	Title = {Pouvoir du th{\`e}{\^a}tre et th{\'e}{\^a}tre du pouvoir. Nouvelles recherches sur le th{\'e}{\^a}tre d'Orange},
	Year = {2007},
	Bdsk-File-1 = {YnBsaXN0MDDUAQIDBAUGJCVYJHZlcnNpb25YJG9iamVjdHNZJGFyY2hpdmVyVCR0b3ASAAGGoKgHCBMUFRYaIVUkbnVsbNMJCgsMDxJXTlMua2V5c1pOUy5vYmplY3RzViRjbGFzc6INDoACgAOiEBGABIAFgAdccmVsYXRpdmVQYXRoWWFsaWFzRGF0YW8QTQAuAC4ALwAuAC4ALwAuAC4ALwBEAG8AYwB1AG0AZQBuAHQAcwAvAGIAaQBiAGwAaQBvAC8AUABhAHIAdAAxAC0AYQByAGMAaABlAG8ALwBvAHIAYQBuAGcAZQAvAEEAcgB0AGkAYwBsAGUAIABhAHIAYwBoAGUDAQBvAHAAYQBnAGUAcwAgAE8AcgBhAG4AZwBlAC4AcABkAGbSFwsYGVdOUy5kYXRhTxECEAAAAAACEAACAAAMTWFjaW50b3NoIEhEAAAAAAAAAAAAAAAAAAAA0eeU0kgrAAABGKsJHkFydGljbGUgYXJjaI5vcGFnZXMgT3JhbmdlLnBkZgAAAAAAAAAAAAAAAAAAAAAAAAAAAAAAAAAAAAAAAAAAAAAJyT/SRSrAAAAAAAAAAAAAAwAFAAAJIAAAAAAAAAAAAAAAAAAAAAZvcmFuZ2UAEAAIAADR53iyAAAAEQAIAADSRQ6gAAAAAQAYARirCQEYqkEBGKpAAAmXVgAJl1UAAphcAAIAaU1hY2ludG9zaCBIRDpVc2VyczoAcm9iaW5ndWVndWVuOgBEb2N1bWVudHM6AGJpYmxpbzoAUGFydDEtYXJjaGVvOgBvcmFuZ2U6AEFydGljbGUgYXJjaI5vcGFnZXMgT3JhbmdlLnBkZgAADgBAAB8AQQByAHQAaQBjAGwAZQAgAGEAcgBjAGgAZQMBAG8AcABhAGcAZQBzACAATwByAGEAbgBnAGUALgBwAGQAZgAPABoADABNAGEAYwBpAG4AdABvAHMAaAAgAEgARAASAFhVc2Vycy9yb2Jpbmd1ZWd1ZW4vRG9jdW1lbnRzL2JpYmxpby9QYXJ0MS1hcmNoZW8vb3JhbmdlL0FydGljbGUgYXJjaGXMgW9wYWdlcyBPcmFuZ2UucGRmABMAAS8AABUAAgAT//8AAIAG0hscHR5aJGNsYXNzbmFtZVgkY2xhc3Nlc11OU011dGFibGVEYXRhox0fIFZOU0RhdGFYTlNPYmplY3TSGxwiI1xOU0RpY3Rpb25hcnmiIiBfEA9OU0tleWVkQXJjaGl2ZXLRJidUcm9vdIABAAgAEQAaACMALQAyADcAQABGAE0AVQBgAGcAagBsAG4AcQBzAHUAdwCEAI4BKwEwATgDTANOA1MDXgNnA3UDeQOAA4kDjgObA54DsAOzA7gAAAAAAAACAQAAAAAAAAAoAAAAAAAAAAAAAAAAAAADug==}}

@techreport{orangeTxt,
	Author = {Badie, Alain AND Fincker, Myriam AND Moretti, Jean-Charles AND Rabatel, Liliane AND Rosso, Emmanuelle AND Tardy, Dominique},
	Date-Added = {2017-10-04 09:54:20 +0000},
	Date-Modified = {2017-10-06 14:16:41 +0000},
	Note = {PACA Vaucluse, Orange Th{\'e}{\^a}tre antique 84 087 0031 - Patriarche 9827 n2012-203},
	Title = {LE TH{\'E}{\^A}TRE D'ORANGE - Rapport final d'op{\'e}ration - texte},
	Year = {2013},
	Bdsk-File-1 = {YnBsaXN0MDDUAQIDBAUGJCVYJHZlcnNpb25YJG9iamVjdHNZJGFyY2hpdmVyVCR0b3ASAAGGoKgHCBMUFRYaIVUkbnVsbNMJCgsMDxJXTlMua2V5c1pOUy5vYmplY3RzViRjbGFzc6INDoACgAOiEBGABIAFgAdccmVsYXRpdmVQYXRoWWFsaWFzRGF0YV8QSS4uLy4uLy4uL0RvY3VtZW50cy9iaWJsaW8vUGFydDEtYXJjaGVvL29yYW5nZS9SYXBwb3J0IE9yYW5nZSAyMDEzLnR4dC5wZGbSFwsYGVdOUy5kYXRhTxECAAAAAAACAAACAAAMTWFjaW50b3NoIEhEAAAAAAAAAAAAAAAAAAAA0eeU0kgrAAABGKsJG1JhcHBvcnQgT3JhbmdlIDIwMTMudHh0LnBkZgAAAAAAAAAAAAAAAAAAAAAAAAAAAAAAAAAAAAAAAAAAAAAAAADDWJ7UpqEnUERGIENBUk8AAwAFAAAJIAAAAAAAAAAAAAAAAAAAAAZvcmFuZ2UAEAAIAADR53iyAAAAEQAIAADUppMXAAAAAQAYARirCQEYqkEBGKpAAAmXVgAJl1UAAphcAAIAZk1hY2ludG9zaCBIRDpVc2VyczoAcm9iaW5ndWVndWVuOgBEb2N1bWVudHM6AGJpYmxpbzoAUGFydDEtYXJjaGVvOgBvcmFuZ2U6AFJhcHBvcnQgT3JhbmdlIDIwMTMudHh0LnBkZgAOADgAGwBSAGEAcABwAG8AcgB0ACAATwByAGEAbgBnAGUAIAAyADAAMQAzAC4AdAB4AHQALgBwAGQAZgAPABoADABNAGEAYwBpAG4AdABvAHMAaAAgAEgARAASAFNVc2Vycy9yb2Jpbmd1ZWd1ZW4vRG9jdW1lbnRzL2JpYmxpby9QYXJ0MS1hcmNoZW8vb3JhbmdlL1JhcHBvcnQgT3JhbmdlIDIwMTMudHh0LnBkZgAAEwABLwAAFQACABP//wAAgAbSGxwdHlokY2xhc3NuYW1lWCRjbGFzc2VzXU5TTXV0YWJsZURhdGGjHR8gVk5TRGF0YVhOU09iamVjdNIbHCIjXE5TRGljdGlvbmFyeaIiIF8QD05TS2V5ZWRBcmNoaXZlctEmJ1Ryb290gAEACAARABoAIwAtADIANwBAAEYATQBVAGAAZwBqAGwAbgBxAHMAdQB3AIQAjgDaAN8A5wLrAu0C8gL9AwYDFAMYAx8DKAMtAzoDPQNPA1IDVwAAAAAAAAIBAAAAAAAAACgAAAAAAAAAAAAAAAAAAANZ}}

@misc{orangePl,
	Author = {Badie, Alain AND Fincker, Myriam AND Moretti, Jean-Charles AND Rabatel, Liliane AND Rosso, Emmanuelle AND Tardy, Dominique},
	Date-Modified = {2017-10-06 14:16:30 +0000},
	Note = {PACA Vaucluse, Orange Th{\'e}{\^a}tre antique 84 087 0031 - Patriarche 9827 n2012-203},
	Title = {LE TH{\'E}{\^A}TRE D'ORANGE - Rapport final d'op{\'e}ration - planches},
	Year = {2013},
	Bdsk-File-1 = {YnBsaXN0MDDUAQIDBAUGJCVYJHZlcnNpb25YJG9iamVjdHNZJGFyY2hpdmVyVCR0b3ASAAGGoKgHCBMUFRYaIVUkbnVsbNMJCgsMDxJXTlMua2V5c1pOUy5vYmplY3RzViRjbGFzc6INDoACgAOiEBGABIAFgAdccmVsYXRpdmVQYXRoWWFsaWFzRGF0YV8QSS4uLy4uLy4uL0RvY3VtZW50cy9iaWJsaW8vUGFydDEtYXJjaGVvL29yYW5nZS9PcmFuZ2UgcmFwcG9ydCAyMDEzIHBsLi5wZGbSFwsYGVdOUy5kYXRhTxECAAAAAAACAAACAAAMTWFjaW50b3NoIEhEAAAAAAAAAAAAAAAAAAAA0eeU0kgrAAABGKsJG09yYW5nZSByYXBwb3J0IDIwMTMgcGwuLnBkZgAAAAAAAAAAAAAAAAAAAAAAAAAAAAAAAAAAAAAAAAAAAAAAAADRPcLSRSr0AAAAAAAAAAAAAwAFAAAJIAAAAAAAAAAAAAAAAAAAAAZvcmFuZ2UAEAAIAADR53iyAAAAEQAIAADSRQ7UAAAAAQAYARirCQEYqkEBGKpAAAmXVgAJl1UAAphcAAIAZk1hY2ludG9zaCBIRDpVc2VyczoAcm9iaW5ndWVndWVuOgBEb2N1bWVudHM6AGJpYmxpbzoAUGFydDEtYXJjaGVvOgBvcmFuZ2U6AE9yYW5nZSByYXBwb3J0IDIwMTMgcGwuLnBkZgAOADgAGwBPAHIAYQBuAGcAZQAgAHIAYQBwAHAAbwByAHQAIAAyADAAMQAzACAAcABsAC4ALgBwAGQAZgAPABoADABNAGEAYwBpAG4AdABvAHMAaAAgAEgARAASAFNVc2Vycy9yb2Jpbmd1ZWd1ZW4vRG9jdW1lbnRzL2JpYmxpby9QYXJ0MS1hcmNoZW8vb3JhbmdlL09yYW5nZSByYXBwb3J0IDIwMTMgcGwuLnBkZgAAEwABLwAAFQACABP//wAAgAbSGxwdHlokY2xhc3NuYW1lWCRjbGFzc2VzXU5TTXV0YWJsZURhdGGjHR8gVk5TRGF0YVhOU09iamVjdNIbHCIjXE5TRGljdGlvbmFyeaIiIF8QD05TS2V5ZWRBcmNoaXZlctEmJ1Ryb290gAEACAARABoAIwAtADIANwBAAEYATQBVAGAAZwBqAGwAbgBxAHMAdQB3AIQAjgDaAN8A5wLrAu0C8gL9AwYDFAMYAx8DKAMtAzoDPQNPA1IDVwAAAAAAAAIBAAAAAAAAACgAAAAAAAAAAAAAAAAAAANZ}}
